@report{AI2018CW,
	author = {Wang, Wenjia},
	title = {Artificial Intelligence Modules (CMP6040, 7028) Coursework Specification},
	year={2018}
}

@book{NLTK,
	author = {Bird, Steven, Edward Loper and Ewan Klein},
	title = {Natural Language Processing with Python},
	year = {2009},
	OPTpublisher = {O’Reilly Media Inc.},
	OPTurl = {http://www.nltk.org/},
	OPTurldate = {Accessed on 30/10/2018},
}


@phdthesis{Guile09,
   Author = {{Guile, G.}},
   Title = {Boosting Ensemble Techniques for Microarray Data Analysis},
   School = {University of East Anglia},
   Year = {2009} }

@book{Kopka04,
  title="{Guide to LaTeX}",
  author="{Kopka, H. and Daly, P. W.}",
  year="{2004}",
  publisher="{Addison \& Wesley}"
}
  
@article{bing-gpt4,
  title = {Bing Search Powered by GPT-4},
  author = {Bing Search Team},
  journal = {Bing Blog},
  year = {2024},
  url = {https://www.bing.com/blog/bing-search-powered-by-gpt-4},
}


% Long Short-Term Memory Predictive Neural Networks
@article{Bolboacă_Haller_2023,
    title = {Performance Analysis of Long Short-Term Memory Predictive Neural Networks on Time Series Data},
    volume = {11},
    DOI = {10.3390/math11061432},
    number = {6},
    journal = {Mathematics},
    publisher = {MDPI AG},
    author = {Bolboacă, Roland and Haller, Piroska},
    year = {2023},
    month = mar,
    pages = {1432}
}
% scikit-learn
@article{scikit-learn,
  title={Scikit-learn: Machine Learning in {P}ython},
  author={Pedregosa, F. and Varoquaux, G. and Gramfort, A. and Michel, V.
          and Thirion, B. and Grisel, O. and Blondel, M. and Prettenhofer, P.
          and Weiss, R. and Dubourg, V. and Vanderplas, J. and Passos, A. and
          Cournapeau, D. and Brucher, M. and Perrot, M. and Duchesnay, E.},
  journal={Journal of Machine Learning Research},
  volume={12},
  pages={2825--2830},
  year={2011}
}

% XGBoost
@inproceedings{chen2016xgboost,
  title={Xgboost: A scalable tree boosting system},
  author={Chen, Tianqi and Guestrin, Carlos},
  booktitle={Proceedings of the 22nd acm sigkdd international conference on knowledge discovery and data mining},
  pages={785--794},
  year={2016}
}

% NumPy
@Article{         harris2020array,
 title         = {Array programming with {NumPy}},
 author        = {Charles R. Harris and K. Jarrod Millman and St{\'{e}}fan J.
                 van der Walt and Ralf Gommers and Pauli Virtanen and David
                 Cournapeau and Eric Wieser and Julian Taylor and Sebastian
                 Berg and Nathaniel J. Smith and Robert Kern and Matti Picus
                 and Stephan Hoyer and Marten H. van Kerkwijk and Matthew
                 Brett and Allan Haldane and Jaime Fern{\'{a}}ndez del
                 R{\'{i}}o and Mark Wiebe and Pearu Peterson and Pierre
                 G{\'{e}}rard-Marchant and Kevin Sheppard and Tyler Reddy and
                 Warren Weckesser and Hameer Abbasi and Christoph Gohlke and
                 Travis E. Oliphant},
 year          = {2020},
 month         = sep,
 journal       = {Nature},
 volume        = {585},
 number        = {7825},
 pages         = {357--362},
 doi           = {10.1038/s41586-020-2649-2},
 publisher     = {Springer Science and Business Media {LLC}},
 url           = {https://doi.org/10.1038/s41586-020-2649-2}
}
% Pandas
@software{reback2020pandas,
    author       = {The pandas development team},
    title        = {pandas-dev/pandas: Pandas},
    month        = feb,
    year         = 2020,
    publisher    = {Zenodo},
    version      = {latest},
    doi          = {10.5281/zenodo.3509134},
    url          = {https://doi.org/10.5281/zenodo.3509134}
}
% Seaborn
@article{Waskom2021,
    doi = {10.21105/joss.03021},
    url = {https://doi.org/10.21105/joss.03021},
    year = {2021},
    publisher = {The Open Journal},
    volume = {6},
    number = {60},
    pages = {3021},
    author = {Michael L. Waskom},
    title = {seaborn: statistical data visualization},
    journal = {Journal of Open Source Software}
 }
%  matplotlib
@Article{Hunter:2007,
  Author    = {Hunter, J. D.},
  Title     = {Matplotlib: A 2D graphics environment},
  Journal   = {Computing in Science \& Engineering},
  Volume    = {9},
  Number    = {3},
  Pages     = {90--95},
  abstract  = {Matplotlib is a 2D graphics package used for Python for
  application development, interactive scripting, and publication-quality
  image generation across user interfaces and operating systems.},
  publisher = {IEEE COMPUTER SOC},
  doi       = {10.1109/MCSE.2007.55},
  year      = 2007
}

@article{chatbot_nlp,
  title={An automated conversation system using natural language processing (nlp) chatbot in python},
  author={Regin, R and Rajest, S Suman and Shynu, T and others},
  journal={Central Asian Journal of Medical and Natural Science},
  volume={3},
  number={4},
  pages={314--336},
  year={2022},
  publisher={Central Asian Studies}
}

@misc{BERTusingHuggingFace,
  title = {BERT Language Model},
  howpublished ={\url{https://medium.com/@manjindersingh_10145/sentiment-analysis-with-bert-using-huggingface-88e99deeec9a}},
  note = {Accessed: 2024-05-01}
}

@misc{lemmatization,
  title = {Lemmatization},
  howpublished ={\url{https://www.techtarget.com/searchenterpriseai/definition/lemmatization}},
  note = {Accessed: 2024-05-19}
}